<?xml version="1.0" encoding="UTF-8"?><collection xmlns="http://www.loc.gov/MARC21/slim"><record><leader>00612nam--2200193-i-4500</leader><controlfield tag="001">000015265</controlfield><controlfield tag="002">20161230</controlfield><controlfield tag="005">20161230201031</controlfield><controlfield tag="008">060222s1000------------r-----000-0-eng-d</controlfield><datafield ind1=" " ind2=" " tag="020"><subfield code="a">0521244102</subfield></datafield><datafield ind1=" " ind2=" " tag="040"><subfield code="a">IFIN-HH</subfield></datafield><datafield ind1=" " ind2=" " tag="080"><subfield code="a">52-48</subfield></datafield><datafield ind1="1" ind2=" " tag="100"><subfield code="a">Barnes, C.A./S.A.</subfield></datafield><datafield ind1="1" ind2="0" tag="245"><subfield code="a">Essays in nuclear astrophysics. presented to william a.fowler on the occasion of his seventieth birthday</subfield><subfield code="c">C.a. barnes, d.d. clayton, d.n. schramm (eds.)</subfield></datafield><datafield ind1=" " ind2=" " tag="260"><subfield code="a">Cambridge</subfield><subfield code="b">Cambridge University Press</subfield><subfield code="c">1982</subfield></datafield><datafield ind1=" " ind2=" " tag="300"><subfield code="a">XIII + 562 P</subfield></datafield><datafield ind1="1" ind2=" " tag="700"><subfield code="a">Schramm, S.N</subfield><subfield code="e">Ed</subfield></datafield><datafield ind1=" " ind2=" " tag="852"><subfield code="a">71677</subfield><subfield code="c">523</subfield></datafield><datafield ind1=" " ind2=" " tag="CAT"><subfield code="a">Sys</subfield><subfield code="c">20141204</subfield><subfield code="h">185110</subfield></datafield></record></collection>